@Misc{EPRINT:HalVej18,
  author =       "Mathias {Hall-Andersen} and
                  Philip S. Vejre",
  title =        "Generating Graphs Packed with Paths",
  year =         2018,
  howpublished = "Cryptology ePrint Archive, Report 2018/764",
  note =         "\url{https://eprint.iacr.org/2018/764}",
}

@inproceedings{bertoni2007sponge,
  title={Sponge functions},
  author={Bertoni, Guido and Daemen, Joan and Peeters, Micha{\"e}l and Van Assche, Gilles},
  booktitle={ECRYPT hash workshop},
  volume={2007},
  number={9},
  year={2007},
  organization={Citeseer}
}

@inproceedings{lai1991markov,
  title={Markov ciphers and differential cryptanalysis},
  author={Lai, Xuejia and Massey, James L and Murphy, Sean},
  booktitle={Workshop on the Theory and Application of of Cryptographic Techniques},
  pages={17--38},
  year={1991},
  organization={Springer}
}